2986 5580
721 294 761 351 48

170 454 435 521 considerandum
461 456 504 519 sit
534 454 707 519 videamus.
769 459 875 538 Atque
905 457 1016 520 statim
1047 457 1217 522 dicendum
1251 465 1315 529 est,

169 563 317 627 omnibus
346 563 425 626 locis
457 563 551 627 modo
582 582 601 624 a
632 583 682 626 me
705 564 921 643 enumeratis,
953 566 1122 646 perpaucis
1153 569 1312 648 exceptis,

169 669 358 752 particulam
390 667 469 750 α’τιίρ
493 672 694 753 conjunctam
716 671 852 734 inveniri
873 692 943 734 oum
967 672 1126 752 particula
1149 676 1203 734 aut
1225 695 1313 756 quae

170 778 241 841 loco
271 776 416 841 adverbii
447 778 554 858 posita
577 776 798 859 gradationem
821 776 988 860 significat,
1010 785 1067 842 aut
1089 779 1121 842 in
1144 781 1309 845 sententia

170 884 319 966 negativa
343 905 413 947 cum
436 883 594 970 particula
616 881 702 947 οὐδέ.
749 883 936 966 Significant
957 891 1064 948 autem
1087 887 1149 951 hae
1166 889 1311 970 particu-

170 990 221 1054 lae
243 991 278 1055 in
299 991 391 1053 initio
414 1009 515 1054 novae
537 990 662 1071 periodi
684 990 811 1072 positae
834 991 1014 1054 orationem
1036 991 1077 1054 ad
1101 1014 1216 1057 novam
1239 1015 1310 1058 rem

171 1097 321 1171 transire,
344 1116 429 1177 quae
450 1099 559 1160 tamen
581 1095 721 1177 quodam
744 1101 892 1177 respectu
914 1095 956 1159 ad
978 1098 1126 1177 proxima
1149 1101 1309 1180 pertinet3

170 1201 347 1267 membrum
371 1208 479 1265 autem
502 1201 626 1283 periodi
648 1201 822 1280 inducunt,
845 1201 902 1265 ubi
924 1207 981 1265 aut
1004 1204 1160 1284 quaedam
1184 1226 1235 1268 res
1257 1227 1309 1270 oo·

169 1311 297 1374 caelone
328 1308 437 1402 0an
462 1309 594 1390 insuper
626 1308 755 1373 additur
788 1314 844 1373 aut
873 1309 907 1373 in
938 1311 1128 1392 gradatione
1157 1334 1308 1396 magnum

170 1417 248 1500 quid
278 1424 311 1482 et
338 1415 404 1480 fere
432 1416 687 1496 inexspectatum
709 1415 853 1494 accedit,
884 1415 922 1479 cl.
946 1415 986 1479 de
1008 1418 1081 1480 vict.
1104 1424 1189 1482 aeut.
1214 1420 1241 1503 ἓ.
1267 1424 1307 1482 28

170 1525 208 1608 (l,
233 1527 310 1608 388)
334 1529 406 1605 περὶ
426 1527 485 1603 μὲν
507 1519 565 1584 οὖν
587 1518 774 1604 ῥοφήματος
796 1523 986 1601 προςσίρσιος
1008 1523 1089 1584 οὕτω
1111 1527 1275 1601 γιγνώσκω
1301 1578 1307 1589 .

169 1630 251 1714 α’τσὶρ
287 1633 341 1690 καὶ
372 1622 451 1710 napi
472 1627 574 1690 πότου
602 1627 664 1690 acl.
718 1628 811 1709 Epid.
835 1627 867 1707 I,
892 1632 931 1690 22
955 1628 1018 1712 (ΙΙ,
1044 1634 1117 1707 958)
1148 1632 1251 1712 ἔκρινε
1273 1634 1309 1698 δὲ

169 1737 327 1800 παιδίοισι
352 1734 433 1798 οὕτω
455 1743 534 1808 τοῖσι
556 1732 735 1808 πλείστοισι,
759 1731 840 1814 α’τσὲρ
864 1737 917 1794 καὶ
937 1738 1189 1818 πρεσβυτέροισι,
1213 1740 1308 1822 Epid.

170 1845 211 1923 II,
235 1850 311 1907 sect.
338 1846 366 1919 3,
390 1840 603 1922 4511023)
626 1837 977 1923 ὀδονημαλιστακατ
999 1839 1202 1928 ὠμοπλάτην,
1226 1845 1307 1929 αἰάρ

170 1955 225 2015 καὶ
247 1950 440 2030 ἔμπροσθεν.
495 1947 600 2011 Coaca
624 1951 686 2008 486
709 1945 753 2029 (I,
782 1947 872 2032 195),
903 1942 939 2007 ui
958 1948 1035 2027 μετὰ
1059 1954 1147 2032 σιγῆς
1165 1949 1307 2032 ἀθυμίαι

173 2107 181 2124 .
205 2108 212 2121 .
235 2059 364 2120 ποιοῦσι
386 2055 632 2138 παραπληκτικοὶ
656 2051 787 2136 χρόνια,
810 2052 890 2133 οἷτοίρ
914 2058 967 2114 καὶ
987 2054 1187 2136 ἐκμαίνονται
1209 2053 1303 2119 οὗτοι.

171 2166 245 2232 Sine
268 2164 443 2248 partionis,⁴
457 2158 511 2225 καί
542 2160 640 2244 (οὐδέ)
672 2161 797 2225 duobus
821 2166 949 2226 tantum
970 2161 1050 2228 locis
1074 2162 1154 2246 αἰάρ
1176 2164 1302 2248 legitur,

170 2271 264 2339 Coae.
290 2279 330 2336 74
354 2273 392 2354 (1,
416 2273 504 2356 128),
526 2269 581 2334 ubi
604 2269 782 2350 particulae
803 2269 864 2348 μέν
885 2269 1072 2350 respondet,
1104 2270 1144 2334 de
1166 2271 1304 2336 humorr,

169 2386 198 2462 ξ.
226 2386 265 2444 14
289 2381 334 2464 (Ι,
359 2385 414 2456 50)
443 2380 535 2441 initio
567 2376 710 2457 periodi3
745 2374 826 2456 α’τοίρ
849 2373 1000 2459 α’νοδρίαι
1022 2380 1141 2452 νοτίαι,
1171 2379 1306 2459 βόρειαι,

169 2489 226 2571 qui
254 2493 363 2550 tamen
392 2485 480 2549 locus
513 2505 606 2548 sensu
629 2502 739 2545 cassus
762 2502 833 2545 esse
854 2482 1001 2563 videtur,
1033 2489 1069 2547 ut
1091 2484 1307 2551 Ermerinsuis

170 2592 408 2657 animadvertit.
468 2591 510 2653 At
539 2587 715 2670 particulas
744 2589 797 2648 καί
825 2593 856 2651 et
884 2586 962 2650 οὐδέ
990 2590 1195 2671 aparticula
1225 2590 1308 2676 α’τοίρ

171 2703 267 2766 etiam
297 2699 435 2782 disjungi
465 2717 559 2778 posse
581 2695 678 2760 verbo
700 2692 904 2776 interposito,
936 2701 1027 2777 patet
1049 2717 1089 2760 ex
1110 2697 1160 2762 his
1184 2698 1308 2765 duobus

171 2805 341 2888 exemplis:
363 2803 546 2887 Aphorism.
569 2806 645 2866 sect.
669 2807 699 2879 4,
723 2803 764 2864 33
789 2800 843 2884 (II,
870 2805 965 2879 1250)
989 2799 1070 2885 α’τάρ
1093 2805 1133 2885 ἢν
1154 2784 1208 2864 καὶ
1231 2827 1310 2888 προ-

170 2913 349 2996 πεπονηκός
370 2935 397 2974 τι
420 2905 452 3000 ᾔ,
483 2911 630 2972 ἐνταῦθα
660 2905 787 2991 στηρίξει
818 2905 836 2990 ἦ
867 2910 981 2980 νοῦσος
1004 2888 1187 2975 Ῑσι1ιιοί.
1213 2915 1241 2992 §.
1267 2915 1308 2975 62

171 3022 212 3107 (l,
237 3020 313 3102 791)
347 3018 429 3102 α’τοὶρ
460 3017 499 3100 δ)
531 3013 600 3078 οὐδ’
624 3010 712 3088 οὗτος
733 3010 751 3078 ὁ
775 3018 893 3098 τρόπος
915 3014 1043 3099 κληῖδος
1065 3017 1211 3101 κατήξιος
1234 3019 1309 3094 ἐστι,

170 3138 301 3211 praeter
323 3147 406 3208 quae
429 3125 528 3189 verba
551 3145 616 3188 non
637 3123 766 3187 memini
788 3124 844 3188 ubi
869 3124 952 3188 aliae
975 3126 1154 3206 particulae
1177 3126 1219 3191 ad
1231 3148 1309 3209 ,par-
1396 3146 1400 3151 ·

169 3234 300 3300 ticulam
326 3232 408 3316 α’τοίρ
430 3234 584 3297 accedant
606 3238 703 3314 atque
725 3235 780 3292 καί
803 3236 836 3294 et
857 3229 939 3292 οὖδέ.
992 3232 1073 3295 Nam
1103 3234 1199 3297 etiam
1223 3235 1309 3300 locu·

170 3345 275 3408 tiones
304 3341 387 3426 α’τοίρ
411 3365 459 3421 γε,
489 3342 571 3424 dudo
595 3337 666 3416 οὗν,
696 3338 777 3422 α’τάρ
800 3360 863 3413 τοι,
898 3338 938 3403 de
961 3340 1077 3422 quibus
1098 3340 1308 3426 HartungiuS,

170 3457 253 3533 part.
277 3451 298 3514 l.
322 3473 367 3534 gr.
389 3451 414 3529 Ι,
440 3453 512 3529 383,
534 3449 576 3529 ll,
604 3452 651 3526 12,
675 3447 724 3525 H,
750 3450 811 3510 368
835 3445 932 3529 dicit,
956 3447 1081 3512 abusu
1104 3447 1308 3528 medicorum,

171 3559 288 3641 quibus
310 3560 344 3623 hi
367 3558 441 3624 libri
464 3556 632 3633 debentur,
654 3575 788 3637 prorsus
811 3558 887 3618 sunt
908 3552 1023 3619 aliena.
